<?xml version='1.0' encoding='UTF-8'?>
<record xmlns="http://www.loc.gov/MARC21/slim">
  <leader>01164cam a22002895  4500</leader>
  <controlfield tag="001">2787837</controlfield>
  <controlfield tag="003">NjP</controlfield>
  <controlfield tag="005">20111103092631.0</controlfield>
  <controlfield tag="008">991119m19679999ir            000 0 ara d</controlfield>
  <datafield tag="024" ind1="7" ind2=" ">
    <subfield code="a">princeton_aco001872</subfield>
    <subfield code="2">local</subfield>
  </datafield>
  <datafield ind1=" " ind2=" " tag="035">
    <subfield code="a">(OCoLC)ocn178691789</subfield>
  </datafield>
  <datafield ind1=" " ind2=" " tag="035">
    <subfield code="a">(OCoLC)ocm42862224</subfield>
  </datafield>
  <datafield ind1=" " ind2=" " tag="040">
    <subfield code="a">PUL</subfield>
    <subfield code="c">PUL</subfield>
    <subfield code="d">PUL</subfield>
  </datafield>
  <datafield ind1=" " ind2=" " tag="035">
    <subfield code="a">(OCoLC)178691789</subfield>
  </datafield>
  <datafield ind1=" " ind2=" " tag="035">
    <subfield code="9">CNJ6865TS</subfield>
  </datafield>
  <datafield ind1=" " ind2=" " tag="035">
    <subfield code="a">(NjP)2787837</subfield>
  </datafield>
  <datafield ind1=" " ind2=" " tag="079">
    <subfield code="a">ocm42862224</subfield>
  </datafield>
  <datafield ind1=" " ind2=" " tag="049">
    <subfield code="a">PULL</subfield>
  </datafield>
  <datafield ind1="1" ind2=" " tag="100">
    <subfield code="6">880-01</subfield>
    <subfield code="a">Shāhrūdī, Maḥmūd al-Ḥusaynī.</subfield>
  </datafield>
  <datafield ind1="0" ind2="0" tag="245">
    <subfield code="6">880-02</subfield>
    <subfield code="a">Kitāb al-ijārah,</subfield>
    <subfield code="b">min taqrīrāt baḥth Maḥmūd al-Ḥusaynī al-Shāhrūdī,</subfield>
    <subfield code="c">bi-qalam ʻAlī Akbar al-Waḥīdī al-Hamadānī.</subfield>
  </datafield>
  <datafield ind1=" " ind2=" " tag="260">
    <subfield code="6">880-03</subfield>
    <subfield code="a">Tehran,</subfield>
    <subfield code="b">Maṭbaʻat al-ʻIlmī,</subfield>
    <subfield code="c">1386 [i.e. 1387- [1967- ]]</subfield>
  </datafield>
  <datafield ind1=" " ind2=" " tag="300">
    <subfield code="a">v.</subfield>
    <subfield code="c">24 cm.</subfield>
  </datafield>
  <datafield ind1=" " ind2=" " tag="546">
    <subfield code="a">In Arabic.</subfield>
  </datafield>
  <datafield ind1="1" ind2=" " tag="880">
    <subfield code="6">100-01/r</subfield>
    <subfield code="a">شاهرودي، محمود الحسيني.</subfield>
  </datafield>
  <datafield ind1="0" ind2="0" tag="880">
    <subfield code="6">245-02/r</subfield>
    <subfield code="a">كتاب الاجارة،</subfield>
    <subfield code="b">من تقريرات بحث محمود الحسيني الشاهرودي،</subfield>
    <subfield code="c">بقلم علي اكبر الوحيدي الهمداني.</subfield>
  </datafield>
  <datafield ind1=" " ind2=" " tag="880">
    <subfield code="6">260-03/r</subfield>
    <subfield code="a">Tehran,</subfield>
    <subfield code="b">مطبعة العلمي،</subfield>
    <subfield code="c">1386 [ا.. 1387- [1967- ]]</subfield>
  </datafield>
  <datafield ind1=" " ind2=" " tag="911">
    <subfield code="a">20000130</subfield>
  </datafield>
  <datafield ind1=" " ind2=" " tag="994">
    <subfield code="a">C0</subfield>
    <subfield code="b">PUL</subfield>
  </datafield>
  <datafield ind1=" " ind2=" " tag="999">
    <subfield code="a">2787837</subfield>
  </datafield>
  <datafield ind1="0" ind2="1" tag="852">
    <subfield code="0">3098801</subfield>
    <subfield code="b">nec</subfield>
    <subfield code="t">1</subfield>
    <subfield code="h">KBP639.65</subfield>
    <subfield code="i">.S534 1967</subfield>
  </datafield>
  <datafield ind1=" " ind2="0" tag="866">
    <subfield code="0">3098801</subfield>
    <subfield code="8">0</subfield>
    <subfield code="a">v.1</subfield>
  </datafield>
  <datafield ind1=" " ind2=" " tag="959">
    <subfield code="a">2009-07-07 13:15:11 -0500</subfield>
  </datafield>
</record>
